@misc{ wiki:League_of_Legends,
   developer = "Riot Games",
   title = "League of Legends",
   year = "2009",
   url = "https://pt.wikipedia.org/wiki/League_of_Legends",
   note = "[Online; accessed 09-Outubro-2018]"
 }
@misc{ wiki:Dota_2,
   developer = "Valve Corporation",
   title = "Dota 2",
   year = "2011",
   url = "https://pt.wikipedia.org/wiki/Dota_2",
   note = "[Online; accessed 09-Outubro-2018]"
 }
@misc{ wiki:Dota,
   developer = "Icefrog",
   title = "Defense of the Ancients",
   year = "2005",
   url = "https://pt.wikipedia.org/wiki/Defense_of_the_Ancients",
   note = "[Online; accessed 09-Outubro-2018]"
 }
